2674 4720
999 351 1101 423 Xttn

98 522 285 603 inuenerem
306 525 421 574 animam
437 518 531 574 deinde
544 524 641 573 adiecit
658 525 689 572 ad
708 512 811 586 plenam
828 525 909 575 totius
925 526 996 577 ritae
1012 529 1106 579 huma·
1138 532 1142 537 “

97 641 142 675 nae
162 626 296 688 imaginem
319 629 524 689 informandam
550 640 658 687 eamque
679 627 719 679 ita
743 628 867 692 perfecit,
890 632 922 679 ut
944 643 1000 680 non
1019 633 1106 681 solum

95 720 301 778 anius'nomints
325 696 654 790 virtutemioescrtpserrt,
680 730 725 776 sed
748 729 828 779 etiam
855 732 989 781 societatis
1011 697 1106 798 civilis,

89 822 148 879 'tine
171 845 220 892 qua
237 830 324 891 ¹vitam
345 814 477 880 hominnm
502 832 597 879 nullam
620 846 678 879 esse
701 833 818 896 videbat,
843 833 973 883 illustrem
994 836 1108 895 speciem

98 933 268 993 proposuerit.
293 910 406 994 ,Quippe
429 948 445 980 a
464 914 666 998 centemplandis
689 934 851 995 singolorum
874 937 1007 993 hominum
1022 937 1108 986 morl-

95 1032 139 1082 hns
162 1036 292 1097 protectus
317 1035 551 1089 ad';illustrandam
568 1014 709 1084 communis
733 1030 801 1085 vitae
824 1039 955 1102 rationem
982 1048 1108 1101 progres-

94 1151 136 1186 sas
153 1143 206 1201 est,
230 1153 307 1198 quam
323 1138 471 1223 hominihus
489 1139 567 1198 plane
584 1140 758 1187 neeessariam
777 1139 914 1202 iudicarit,
936 1142 974 1189 ita
995 1145 1025 1189 ut
1048 1141 1107 1190 siue
1187 1188 1190 1201 ,

94 1253 125 1288 ea
138 1242 231 1288 nullam
246 1240 352 1288 virtutis
371 1240 560 1302 perfectionem
577 1255 635 1288 esse
652 1255 730 1301 posse
748 1243 928 1291 arbitraretur.
956 1245 1041 1293 Porro
1057 1236 1107 1293 hae
1144 1232 1153 1247 ⁸

20 1388 21 1409 ,
92 1343 119 1391 in
143 1356 171 1393 re
193 1343 333 1404 diligenter
353 1343 519 1404 respicienda
541 1348 583 1391 est
609 1345 767 1393 Graecorum
789 1345 1003 1406 pbilosophorum
1027 1347 1108 1412 ratio,
1155 1400 1158 1409 Χ
1245 1400 1250 1407 ,

93 1459 138 1507 qna
153 1444 298 1509 politicam,
326 1459 403 1505 qnam
421 1460 470 1495 nos
488 1445 614 1510 dicimus,
641 1446 787 1515 doctrinam
805 1461 821 1495 a
837 1447 930 1495 morali
946 1463 999 1496 non
1017 1449 1109 1503 seiun-

93 1549 188 1610 gebant.
221 1547 330 1596 Etenim
346 1548 438 1596 Graeci
454 1547 486 1619 de
504 1548 753 1610 rerumpublicarum
772 1549 877 1615 indole,
895 1554 990 1599 natura
1010 1565 1040 1599 ac
1056 1553 1108 1602 tina

19 1628 20 1639 ἶ
95 1651 171 1699 multo
188 1650 266 1699 aliter
283 1649 446 1714 iudicarunt,
470 1654 550 1711 atque
566 1651 645 1699 hodie
667 1651 723 1700 fleri
741 1652 810 1699 solet
819 1651 869 1714 11).
904 1650 947 1700 llli
965 1654 1036 1701 enim
1052 1668 1108 1704 non

19 1750 21 1763 '
93 1755 232 1805 retulerunt
256 1753 346 1802 omnia
368 1753 401 1800 ad
424 1756 559 1801 externam
588 1753 682 1800 civium
705 1750 847 1801 utilitatem
863 1762 907 1801 'ac
932 1754 1110 1821 securitatem,

91 1870 137 1904 nee
156 1857 229 1917 leges
250 1856 367 1916 publicas
394 1870 410 1903 a
433 1834 538 1904 rirtutm
562 1854 702 1923 disciplina
724 1862 861 1916 separatas
886 1871 944 1904 esse
960 1856 1109 1923 noluerunt,

19 2016 21 2021 ,
92 1961 135 2008 sed
156 1958 370 2019 quemadmodum
393 1958 504 2020 singulis
521 1957 683 2020 hominibus,
704 1958 749 2027 ¹ita
766 1960 846 2007 etiam
865 1958 996 2008 universis
1014 1959 1112 2008 cirita·

79 2061 157 2135 ‘tibris
182 2061 289 2110 virtutis
313 2064 339 2107 et
361 2060 509 2109 honestatis
530 2034 693 2119 disciplinam
710 2062 742 2107 ad
759 2064 968 2120 consequendam
992 2061 1110 2111 felicita·

94 2169 141 2213 tem
157 2163 331 2212 necessariam
355 2176 413 2209 esse
437 2163 559 2241 arbitrati
580 2166 650 2211 sunt.
684 2166 775 2223 lta'que
798 2178 854 2211 non
877 2163 962 2212 solum
978 2163 1110 2225 leganda·
1165 2188 1170 2195 x

18 2278 19 2281 ’
94 2270 175 2332 tores,
194 2267 267 2316 velut
284 2241 426 2333 Zaleucus,
444 2265 608 2328 Charondae,
627 2268 774 2330 Lycurgus,
796 2266 891 2331 Solon,
909 2266 969 2329 alii,
986 2280 1040 2329 non
1058 2265 1111 2313 mi.

94 2383 138 2418 nus
155 2370 311 2418 educatores
334 2371 360 2416 et
388 2340 510 2428 magistri
534 2381 609 2427 quam
631 2367 745 2414 civilium
763 2367 944 2415 institutorum
961 2366 1110 2416 conditores

95 2473 262 2534 sustiterunt,
288 2471 334 2518 sed
354 2471 434 2520 etiam
451 2469 600 2531 philosophi
617 2469 775 2529 reipublicae
792 2442 922 2531 gerendae
940 2468 1077 2517 scientiam
1094 2481 1133 2539 a,

18 2550 20 2633 ζ
95 2574 224 2635 disciplina
239 2544 345 2621 rietatis
362 2588 416 2621 non
433 2576 557 2633 putarunt
574 2568 746 2620 divellendum
765 2570 893 2632 esselii).
927 2570 1059 2626 Quocirca
1077 2543 1114 2618 ne

96 2677 194 2726 Platoni
215 2676 317 2736 quidem
340 2674 416 2722 licuit
441 2689 531 2723 rerum
553 2674 671 2722 civilium
695 2675 839 2722 doctrinam
862 2687 880 2722 a
901 2673 1010 2721 virtutis
1030 2671 1112 2720 disci-

95 2780 161 2840 plina
178 2791 317 2840 separare,
339 2774 450 2836 ideoque
467 2756 554 2841 illam,
577 2792 627 2838 qno
644 2777 727 2838 magis
746 2780 886 2838 appareret
904 2776 996 2837 quihus
1014 2777 1113 2825 tunda-

94 2883 185 2931 mentis
206 2881 355 2943 niteretor‚
381 2895 439 2929 cum
461 2881 507 2929 hac
528 2880 677 2929 arctissimo
700 2880 805 2957 vinculo
826 2846 968 2939 colligarit.
1002 2879 1054 2929 seo
1071 2878 1113 2926 his

18 2968 19 2977 ἵ
94 2986 205 3035 addenda
227 2987 268 3033 ast
289 2974 399 3044 denique
419 2983 470 3033 alia
494 2996 589 3046 cansa,
616 2996 698 3043 eaque
716 2984 794 3061 longe
812 2981 981 3044 gravissima,
1006 2994 1040 3030 ex
1062 2993 1115 3040 qua

94 3087 264 3150 intelligitur,
282 3102 328 3135 cur
345 3086 515 3151 philosophus
538 3086 571 3133 ad
588 3086 690 3134 civilem
707 3085 837 3153 rationem
855 3084 1036 3144 explicandam
1053 3083 1115 3132 ani-

97 3184 163 3239 murir
186 3179 327 3253 adiecerit,
354 3168 472 3249 eamque
487 3202 545 3240 eum
566 3182 675 3236 virtutis
700 3187 822 3275 dootrina
841 3187 1012 3249 copulaverit.¹
1044 3191 1115 3256 ¹con-

96 3298 146 3343 stat
167 3294 239 3342 enirn
253 3292 313 3340 «11111
333 3291 513 3354 temporibus,
547 3289 640 3351 qulbus
664 3290 815 3350 respublica
837 3286 1039 3369 Atheniensium
1061 3288 1116 3338 iam

96 3396 189 3449 tniserc
207 3399 266 3449 erat
283 3394 381 3447 amicta
400 3398 428 3443 et
444 3395 611 3458 perturbata,
628 3378 748 3441 omnihus
769 3392 903 3455 popularis
916 3391 1029 3462 ,imperii
1040 3390 1117 3442 vittis
1171 3440 1174 3445 ⁴

98 3592 299 3613 ...ιιι-ιιι...

129 3754 162 3815 ‘)
179 3755 254 3802 Fecit
270 3756 320 3802 hoc
339 3744 453 3803 maixime
476 3756 504 3803 ln
522 3755 641 3818 Philebo,
665 3755 696 3802 de
715 3753 789 3813 cuius
809 3752 870 3801 libri
889 3738 1043 3814 argumento
1062 3751 1118 3801 dla-

179 3824 330 3897 putavimus
348 3825 376 3870 in
397 3825 519 3886 Prologg.
537 3826 569 3876 ad
586 3825 649 3872 edit.
667 3829 784 3872 nostram
801 3837 826 3883 p.
844 3824 907 3870 Χ111
925 3837 980 3882 sqq.
1028 3856 1031 3861 -

114 3923 155 3991 ⁸⁸⁸)
178 3925 317 3977 Praeclare
336 3927 368 3972 de
385 3926 434 3974 hoc
448 3932 601 3988 argumento
615 3927 759 3986 disputavit
770 3927 821 3973 Fr.
835 3924 973 3984 depen
991 3925 1020 3972 in
1036 3924 1121 3973 libro:

180 3991 317 4044 Pol'itik
338 3996 421 4042 nach
439 3997 569 4044 Platon.
587 3995 878 4056 Grunds'ttaen.,p.
899 3997 930 4040 12
949 4008 1001 4055 sqq.
1132 3989 1141 3995 “

101 4092 158 4158 m)
181 4096 290 4156 Propria
309 4096 373 4144 baec
390 4099 460 4177 ratio
471 4096 593 4185 inprimis
610 4097 781 4160 Pythagoreis
798 4095 864 4196 ‘uit‘
894 4072 935 4144 lta
952 4097 1120 4189 Arrohytas
1140 4104 1143 4109 ·

184 4166 989 4303 :ritutrutettttttmanditorii*·
1015 4179 1041 4225 ⁹·
1061 4167 1111 4249 ³¹⁴
