2674 4720
231 298 333 386 HM

230 480 295 535 tiam
311 474 453 540 plurimum
469 472 557 523 valere
574 473 606 523 ad
623 470 702 522 vitam
713 460 784 523 ⁴bene
800 473 926 536 beateque
944 473 1103 540 degendam,
1118 476 1252 529 iustitiam

228 596 292 633 reso
309 595 368 629 esse
385 591 539 641 generosam
556 576 706 648 stultitiam,
721 581 812 649 'quae,
829 578 888 629 duur
906 578 999 629 alienis
1008 580 1157 653 inserviret
1168 552 1252 629 ’com-

169 728 171 733 .
228 683 327 746 modis,
353 681 458 730 sibimet
484 680 537 740 ipsi
560 679 701 747 piurimum
723 679 874 747 nocerett).
908 681 1036 730 Videlicet
1053 682 1095 742 qui
1114 686 1142 730 et
1161 682 1190 729 in
1206 699 1253 732 co·

229 768 429 850 gnoscendoiet
450 782 598 843 inagendo
623 781 712 829 omnia
733 782 880 861 adsensus
900 785 1064 849 referebant,
1088 791 1134 832 eos
1154 784 1254 835 mirum
1300 812 1304 819 x

229 888 313 947 rideri
330 901 384 937 non
402 885 477 932 debet
495 884 563 952 vitae
580 884 732 935 felicitatem
750 899 804 932 non
821 885 849 931 in
869 886 979 950 virtute,
1006 887 1097 935 sedin
1117 855 1253 948 voluptate

229 992 377 1055 ponendam
394 987 585 1049 censuissstt).
621 988 678 1042 Qua
699 988 727 1034 i‘u
749 1002 777 1035 re
795 1002 928 1048 quousque
945 983 1121 1050 impudentiae
1142 1006 1254 1052 proees-

149 1106 151 1114 ’
195 1074 200 1081 x
229 1095 328 1157 serint,
354 1091 450 1139 docent
473 1058 581 1150 praeter
604 1076 656 1138 alia
678 1090 864 1151 Thrasymaehi
888 1090 1002 1165 oratoris
1032 1093 1111 1139 verba
1132 1064 1192 1141 libr.
1215 1096 1251 1142 11.

227 1211 256 1259 p.
268 1170 337 1245 ,m
354 1196 419 1242 G-
432 1195 490 1240 362.
509 1197 553 1256 C.,
574 1206 638 1253 quae
651 1193 797 1240 luculenter
810 1194 951 1241 ostendunt
968 1208 1012 1242 eos
1029 1162 1266 1261 hominesfuisse,
1289 1260 1291 1267 y
1325 1184 1327 1191 ’

227 1299 307 1360 plane
332 1293 497 1368 voluptarios
509 1280 595 1356 ”ih
616 1297 686 1343 Haec
709 1295 790 1356 igitur
819 1296 1148 1362 sophistarumdoctrina,
1183 1310 1253 1357 quae

144 1419 151 1434 ²
228 1405 284 1459 tum
307 1397 475 1472 domesticam
496 1401 551 1446 tum
565 1366 676 1445 ¹civilem
698 1397 821 1455 virtutem
844 1413 946 1446 omnem
968 1399 1084 1446 funditus
1106 1383 1252 1463 evertebat,

228 1517 307 1565 quum
330 1501 464 1549 accederet
484 1501 517 1548 ad
541 1514 648 1563 pravam
664 1501 737 1549 illam
753 1500 913 1561 reipublicae
934 1501 1100 1555 Atheniensis
1118 1504 1252 1552 conditio-

135 1626 136 1635 *
227 1618 301 1666 nem,
325 1617 391 1666 quae
414 1603 535 1663 inprimis
560 1603 621 1659 inde
647 1601 757 1650 abellis
778 1614 836 1650 cunr
852 1574 991 1651 Persarum
1007 1574 1069 1666 rege
1087 1603 1169 1673 gestis
1190 1611 1266 1679 orta,

155 1734 183 1763 ι,
228 1706 339 1768 erat†);
371 1704 542 1767 phiiosophus
568 1705 671 1753 divinus
699 1704 726 1752 id
757 1703 807 1752 sibi
837 1706 964 1766 agendum
988 1707 1102 1771 putarit,
1131 1710 1161 1756 ut
1187 1708 1251 1757 huic

226 1809 295 1875 malo
319 1823 365 1870 pro
382 1799 487 1857 'viribus
511 1811 669 1857 occurreret.
710 1809 800 1866 ltaque
823 1807 944 1855 veritatis
969 1808 1092 1856 iudicium
1114 1811 1197 1858 menti
1222 1814 1252 1860 et

193 1933 199 1951 a
226 1911 326 1963 rationi
350 1911 506 1974 restituere,
532 1925 562 1958 ae
582 1910 687 1958 virtutis
713 1882 770 1957 vim
790 1911 816 1971 et
837 1903 959 1957 naturam
982 1900 1115 1961 declarare
1139 1913 1251 1978 studuit,
1280 1888 1291 1901 ⁹

225 1988 304 2076 idque
320 2013 432 2081 perfecit
450 2012 505 2075 sic,
530 2015 559 2060 ut
582 2016 636 2060 tum
653 2013 685 2059 de
702 2004 1023 2089 virtutis'honestatisque
1039 2000 1197 2071 necessitate
1218 2030 1251 2064 ac
1267 2018 1271 2041 ¹

212 2116 355 2180 'dignitate
378 2115 535 2177 quaesierit,
564 2118 621 2162 tum
638 2114 744 2162 virtutis
766 2113 913 2162 doctrinam
930 2116 962 2162 ad
977 2115 1132 2175 reipublicae
1150 2132 1251 2179 geren-

134 2273 141 2283 „
225 2218 276 2268 dae
301 2221 386 2267 artem
408 2231 438 2265 ac
460 2217 625 2276 disciplinam
646 2217 778 2265 retulerit.
813 2217 887 2270 Quod
905 2232 983 2276 quum
1006 2219 1072 2266 alias
1090 2219 1118 2265 in
1135 2219 1248 2281 singulis
1329 2284 1330 2289 1

226 2319 380 2384 quibusdam
404 2320 568 2370 sermonibus
586 2303 692 2383 iecerit,
717 2319 809 2378 quibus
832 2320 1008 2379 sophistarum
1031 2324 1058 2368 et
1076 2320 1188 2369 civilium
1205 2322 1248 2368 ri·
1329 2306 1330 2327 ³

141 2403 145 2423 ¹
224 2435 317 2473 rorum
332 2404 432 2484 placita
449 2421 670 2486 exagitavit††),
692 2425 748 2469 tum
765 2400 881 2469 inlibris
899 2423 931 2469 de
948 2423 1088 2482 Republica
1104 2424 1143 2470 ita
1159 2425 1248 2472 facere
1290 2434 1294 2443 ’

223 2524 353 2589 instituit,
371 2529 403 2574 ut
417 2525 467 2588 iis,
485 2538 549 2586 quae
566 2528 645 2571 autea
664 2524 814 2585 singulatim
832 2524 1019 2588 disputaverat,
1037 2539 1157 2586 magnam
1174 2531 1252 2574 certe
1328 2570 1329 2577 ,

154 2648 158 2655 ’
223 2631 328 2692 partem
348 2628 544 2690 comprehensis
567 2632 644 2686 atque
665 2625 694 2673 in
717 2640 797 2673 unum
815 2625 895 2672 veluti
920 2640 1016 2687 corpus
1034 2628 1182 2676 coniunctis
1200 2643 1247 2695 ea-

224 2727 283 2779 dem
308 2743 390 2792 opera
411 2734 467 2780 tum
490 2729 582 2791 optimi
603 2728 717 2787 hominis
741 2731 796 2774 tum
819 2728 950 2787 perfectae
972 2712 1087 2779 civitatis
1105 2731 1247 2793 imaginem

140 2792 147 2803 ,
377 2798 383 2817 ,
483 2804 496 2815 ,
1327 2798 1328 2807 ,

223 2830 401 2895 descripserit.
436 2835 505 2882 Nam
527 2828 675 2891 perniciosa
690 2829 744 2877 illa¹
758 2828 937 2889 sophistarum
956 2831 1075 2881 doctrina
1094 2847 1173 2894 quum
1190 2848 1246 2883 non

227 3006 430 3025 Μ

254 3151 773 3216 ummmpmcmc

132 3324 136 3329 ,
235 3266 278 3335 ⁸⁸)
301 3274 401 3322 Eadem
421 3262 453 3319 de
481 3283 561 3319 causa
583 3270 646 3319 deos
670 3270 736 3318 falso
761 3284 809 3329 pro
833 3283 922 3318 rerum
940 3272 1090 3322 auctoribus
1107 3273 1198 3327 haberi
1215 3279 1245 3326 et

307 3342 396 3390 omnia
423 3355 439 3387 a
464 3345 560 3387 natura
583 3340 625 3386 rel
645 3352 711 3397 ¹casu
732 3341 850 3399 protecta
865 3353 928 3388 esse
947 3343 1101 3391 docuerunt.
1119 3359 1143 3392 v.
1161 3347 1243 3407 Legg.

304 3410 383 3472 er.
403 3410 577 3472 885.Dsqq.
608 3424 611 3439 ·
893 3432 895 3437 ·

217 3506 276 3574 m)
301 3513 377 3561 conf.
402 3511 480 3558 etiam
503 3508 617 3557 calliclis
641 3506 788 3557 orationem
811 3498 894 3569 Gorg.'
910 3523 935 3569 p.
955 3514 1015 3560 491.
1031 3513 1054 3561 Ε
1073 3523 1144 3573 sqq.'
1172 3516 1262 3575 Fue-5
1289 3476 1291 3485 y
1322 3510 1324 3515 ’

302 3583 366 3629 runt
383 3579 466 3641 igitur
482 3579 527 3628 isti
545 3577 664 3639 homines
686 3578 935 3642 sensualistae,
959 3594 1024 3639 quos
1048 3588 1182 3633 nostrates
1201 3587 1244 3632 di·

304 3652 380 3713 cunt,
396 3650 466 3709 iique
484 3652 540 3695 tum
557 3646 710 3709 theoretici,
733 3652 787 3694 tum
805 3646 923 3705 practici.
953 3652 983 3695 ln
1001 3663 1112 3709 quorum
1132 3668 1242 3702 numero

304 3719 373 3778 quod
390 3732 474 3778 nuper
492 3716 655 3777 exstiterunt
673 3716 868 3775 qui'socratem
884 3729 985 3775 quoque
1009 3719 1161 3768 habendum,
1178 3737 1243 3769 cen·
1322 3744 1323 3747 ¹

197 3790 206 3802 ”
301 3789 406 3848 serent,
428 3786 541 3836 viderint
562 3778 629 3847 illi,
644 3799 679 3831 ne
703 3784 755 3832 riri
776 3784 912 3846 ingenium
937 3789 964 3835 et
985 3800 1073 3835 mores
1096 3803 1150 3838 non
1174 3792 1242 3842 gari,

300 3860 454 3915 perspectos
474 3854 622 3901 habuerint.

249 3970 281 4036 †)
295 3973 373 4029 'Quid
394 3968 496 4022 Platoni
513 3973 545 4020 de
563 3972 668 4020 civitate
685 3973 845 4021 Athenarum
861 3970 946 4021 risum
962 3974 1010 4039 sit,
1026 3976 1139 4026 breuiter
1154 3992 1241 4041 expo·

306 4043 404 4091 suimus
422 4043 541 4105 Prolegg.
564 4042 596 4089 ad
613 4042 693 4102 Gorg.
715 4056 739 4109 p.
757 4044 790 4088 20
809 4056 848 4101 sq.

141 4156 149 4173 ⁸
233 4162 286 4225 ††)
303 4161 391 4211 Veluti
408 4160 437 4209 in
456 4159 570 4225 Gorgia,
588 4161 732 4220 Protagora
753 4162 780 4205 et
799 4160 922 4208 Menune.
