2674 4720
244 293 340 384 xun-

242 491 332 582 tiones
366 503 508 554 expressae
535 489 764 552 conspicerentnr3
796 493 932 557 utramque
966 498 1052 545 autem
1080 496 1260 559 quaestionem

241 596 282 646 ita
307 594 455 660 copulavit,
489 586 523 644 'ut
552 594 660 647 alteram
685 609 742 643 curu
769 595 853 645 altera
881 576 1188 652 arctissime'colraerere
1211 616 1259 666 sp-

240 704 357 773 pareret.

307 855 343 903 Et
369 850 494 912 optimum
517 850 621 911 quidem
637 848 769 899 hominem
795 851 923 913 quomodo
947 851 1109 918 depinxerit,
1134 829 1266 914 quonium¹

236 960 275 1007 'ex
292 930 426 1019 iis,⁴quac
444 926 722 1017 supra'exposnimua,
747 955 825 1003 iacile
841 956 1012 1020 intelligitur,
1039 970 1094 1004 nou
1111 968 1177 1016 opus
1198 971 1258 1007 essa
1289 964 1292 971 '

239 1060 395 1111 arbitramur
413 1058 445 1104 de
468 1057 518 1104 hoc
537 1038 691 1118 argumento
713 1057 846 1117 copiosius
868 1059 1009 1119 explicare.
1049 1062 1165 1129 Apparet
1187 1061 1259 1108 enim

239 1179 299 1245 eum
329 1166 384 1210 tum
412 1159 525 1208 hominis
559 1160 590 1206 ad
627 1159 752 1206 virtutem
780 1157 897 1233 indolem
926 1159 1082 1221 patefecisse
1120 1163 1260 1245 explorate

239 1265 320 1315 animi
340 1264 366 1313 vi
384 1278 414 1311 ae
435 1266 543 1323 natura3
565 1263 620 1309 tum
641 1262 746 1309 virtutis
768 1262 912 1326 originem,
932 1263 1122 1343 perfectionem
1144 1236 1171 1312 ei
1191 1281 1259 1315 con-

238 1367 439 1418 summationem
453 1366 613 1426 illustrasse,
621 1365 742 1425 denique
759 1365 887 1427 dignit-ate
905 1365 981 1429 eius,
997 1365 1114 1414 efficacia
1133 1369 1161 1416 et
1177 1382 1258 1428 prae·

195 1464 201 1481 ⁸
237 1471 339 1522 stantis
361 1468 489 1523 declarata
510 1445 581 1517 iliam
608 1466 704 1516 ceteris
727 1468 804 1518 rebus
827 1468 946 1553 omnibus
969 1444 1177 1531 anteponendam
1197 1484 1259 1521 essa
1312 1510 1314 1517 .

235 1573 398 1638 gravissimis
413 1569 573 1651 arp’umentis
591 1569 794 1621 demonstrasse

305 1722 397 1776 Paullo
414 1722 564 1785 diligentius
583 1722 717 1772 dicendum
735 1727 777 1774 est
794 1725 826 1772 de
837 1718 933 1786 optima
949 1724 1067 1792 civitate,
1084 1724 1115 1776 iu
1129 1741 1181 1790 qua
1195 1729 1259 1791 phi.

234 1831 370 1897 losophus,
382 1829 492 1875 alteram
508 1829 610 1887 partem
632 1829 761 1896 perfectae
781 1819 959 1876 humanitatis
970 1829 1047 1877 sitam
1064 1845 1123 1878 esse
1144 1832 1257 1881 ceusnit.

150 1942 152 1951 '
235 1936 272 1982 Et
288 1933 330 1980 hic
344 1930 451 1991 ‘quidem
467 1933 578 1988 quaerat
595 1912 737 1993 quispiam,
757 1945 803 1978 cur
821 1930 1006 1997 rempublicam
1022 1933 1187 1993 potissimum
1205 1936 1257 1983 on.
1324 1988 1325 1993 ,

233 2035 307 2085 xerit
324 2046 407 2092 neque
425 2036 481 2078 'eam
499 2030 659 2095 societatem,
677 2047 742 2092 quae
759 2033 909 2082 universum
927 2034 1166 2096 genushumauum
1183 2052 1258 2087 com-

233 2138 404 2201 plecteretur.
432 2136 506 2202 ,Nam
522 2133 562 2183 ita
578 2134 679 2182 demum
697 2136 817 2185 videatur
837 2138 940 2197 plenam
958 2138 1091 2186 absolutae
1106 2138 1257 2189 humanits-
1324 2124 1325 2179 i

233 2239 270 2290 tis
295 2238 407 2301 speciem
430 2240 457 2286 et
479 2237 620 2299 imaginem
643 2239 733 2287 fuisse·
749 2239 931 2301 expressurus.
965 2242 1023 2304 Ego
1047 2255 1109 2290 vero
1133 2242 1184 2291 etsi
1204 2243 1256 2292 hoo
1324 2270 1325 2309 l

234 2343 292 2393 fleri
310 2345 341 2391 ab
359 2356 390 2391 eo
408 2339 525 2403 potuisse
545 2341 623 2388 facile
641 2342 754 2407 largior,
781 2346 869 2390 tamen
884 2344 982 2411 ⁸plures
1007 2358 1098 2394 causas
1117 2321 1175 2392 esse
1192 2344 1256 2394 eiri-
1279 2350 1281 2355 '

169 2430 173 2447 χ
234 2447 327 2508 stimo,
360 2458 406 2492 cur
427 2443 457 2491 in
480 2443 586 2497 civitate
615 2424 785 2492 describenda
808 2444 952 2493 subsistere
973 2446 1096 2499 voluerit.
1137 2447 1256 2503 Ptimum
1322 2504 1324 2511 4

232 2548 305 2597 enim
322 2526 416 2595 Graeci
433 2545 582 2607 philosophi
592 2546 625 2593 ad
642 2545 769 2595 eiusmodi
783 2546 930 2612 notionem,
947 2549 1030 2609 qualis
1048 2551 1088 2598 est
1100 2549 1256 2600 christiana

233 2648 266 2702 de
278 2646 367 2713 Jregno
389 2648 455 2698 coeli
472 2647 501 2696 iu
521 2646 563 2695 his
581 2647 660 2696 terris
676 2647 877 2713 constituendo,
893 2650 1009 2700 nondum
1024 2618 1147 2701 ridentur
1164 2656 1256 2703 menta

232 2759 262 2803 et
283 2754 371 2802 animo
390 2753 552 2813 penetrasse.
587 2753 666 2799 Certe
688 2764 815 2810 nusquam
838 2751 867 2800 in
895 2767 983 2801 eorum
1006 2754 1110 2815 scriptis
1131 2770 1173 2804 me
1197 2758 1254 2806 tale

231 2826 293 2919 quid
315 2858 404 2918 legere
429 2826 549 2916 memini,
575 2867 624 2901 nec
645 2856 713 2926 puto
735 2854 816 2903 ullum
840 2854 927 2902 locum
949 2862 1081 2931 repertum
1104 2858 1154 2924 iri,
1182 2863 1254 2911 unde
1323 2926 1324 2931 ¹

232 2959 391 3009 contrarium
413 2958 545 3047 appareat.
580 2955 648 3016 Quid
671 2956 755 3017 igitur
770 2957 866 3005 mirum
882 2972 916 3005 ne
934 2942 1037 3007 Platoni
1054 2958 1159 3020 quidem
1176 2963 1254 3027 cogi-

229 3063 359 3112 tationem
381 3059 413 3107 de
440 3057 570 3109 communi
592 3059 672 3107 totius
693 3058 800 3106 humani
823 3060 926 3123 generis
944 3048 1118 3112 societatem
1134 3069 1254 3117 mentem

229 3165 351 3216 venisset
378 3160 478 3212 Deinde
500 3161 637 3210 verissime
659 3161 781 3211 iudicavit
803 3177 917 3213 summus
937 3164 1110 3226 philosophus
1132 3167 1253 3220 civitatis

228 3267 398 3351 potissimum
418 3264 532 3327 speciem
556 3236 699 3326 perlectam
723 3281 791 3314 cnm
802 3266 893 3329 optimi
915 3266 1061 3315 dominis
1051 3269 1168 3330 imagine
1190 3286 1253 3322 esse

229 3371 413 3433 copulandam,
442 3368 650 3428 quandoquidem
671 3369 770 3416 nullam
792 3383 851 3417 esse
876 3362 981 3418 videbat
1005 3370 1094 3432 vitam
1115 3372 1253 3425 hominum

229 3472 368 3533 cultiorem
389 3473 417 3518 et
434 3470 619 3533 eruditiorem,
637 3486 702 3532 quae
720 3471 789 3520 civili
808 3472 936 3520 societate
954 3476 1058 3521 careret
1071 3478 1119 3522 aut
1136 3476 1195 3525 sine
1217 3493 1253 3527 ea
1300 3522 1303 3537 ,

229 3574 387 3625 exstitisset.
421 3573 540 3621 Accessit
562 3573 689 3639 adhaec,
716 3575 784 3635 quod
799 3574 856 3637 ipse
874 3574 1021 3624 studiorum
1038 3546 1148 3649 cursus,
1172 3549 1253 3640 quem

228 3654 472 3739 adhuctennisset,
499 3689 558 3723 eum
575 3677 646 3725 uelut
668 3676 778 3725 invitum
797 3677 829 3724 ad
846 3677 1060 3731 considerandam
1079 3678 1181 3729 civilem
1198 3683 1253 3733 ho.

172 3794 180 3801 “
228 3781 329 3829 minum
349 3780 426 3828 vitam
449 3780 589 3828 deferebat.
625 3781 710 3835 Quum
735 3779 804 3827 enirn
825 3777 854 3826 in
877 3780 951 3828 libris
970 3786 1050 3829 antea
1067 3783 1172 3844 seriptis
1192 3788 1252 3836 sin·
1322 3826 1323 3833 ,

229 3884 306 3946 gulos
325 3883 447 3943 quosdam
463 3883 536 3930 locos
554 3881 732 3946 tractavisset,
755 3882 800 3942 qui
818 3883 859 3930 vel
875 3883 908 3931 ad
923 3883 1030 3933 virtutis
1047 3887 1089 3935 vel
1107 3888 1138 3935 sd
1156 3891 1252 3950 cogui-
1322 3888 1323 3937 ζ

228 3987 312 4041 tionis
332 3960 459 4034 humanae
478 3985 595 4033 rationes
615 3984 793 4051 referrentur,
822 3985 938 4046 adeoque
963 3987 1093 4059 docuisset
1121 4005 1254 4045 summurn
1293 4008 1297 4021 ¹

229 4089 342 4141 hominis
365 4092 460 4136 bonum
482 4086 510 4134 in
535 4100 567 4133 eo
585 4086 679 4151 cerni,
703 4090 735 4135 ut
756 4087 891 4157 voluptate
912 4090 940 4137 et
956 4085 1088 4151 sapientia
1104 4094 1253 4153 prudenter

229 4193 368 4242 coniuncta
385 4190 473 4241 omnia
497 4190 528 4238 ad
552 4190 664 4240 absoluti
688 4191 750 4241 boni
774 4170 893 4242 normam
914 4197 1070 4256 reperentur
1093 4197 1119 4243 et
1136 4174 1252 4247 admini-
