2674 4720
932 352 1073 417 xxxix

14 546 16 611 J
68 532 117 581 on
131 541 241 579 urorum
254 529 282 580 et
297 525 439 576 liberorum
458 537 620 574 communem
642 516 739 575 babere
761 523 869 592 debent,
894 541 945 589 qna
968 527 1073 583 ratione

14 622 15 699 J
66 632 167 683 mxime
185 630 363 704 efficietur,
344 632 375 678 ut
392 620 440 680 ne'c
456 629 575 689 privatae
591 629 715 677 utilitatis
731 626 870 677 studium
862 644 891 677 ιιι
908 630 993 677 locum
1011 643 1072 675 suc-

66 730 174 784 cedat
152 749 207 782 esus
228 747 321 793 curae,
346 745 412 792 quae
433 730 594 790 reipublicae
617 732 739 794 debetur,
764 736 790 780 et
813 733 907 781 civium
931 706 1074 779 concordia

65 836 207 909 firmissimis
224 835 337 885 uinculis
349 824 532 881 contineatur.
549 855 585 873 -··
618 834 656 883 Et
678 848 728 894 quo
752 836 835 895 magis
858 836 938 882 etiam
960 831 1072 880 exsistat
1126 899 1128 903 y

14 940 15 945 ’
66 940 170 1000 aequalis
188 938 284 989 civium
305 937 436 998 conditio,
459 937 572 984 feminae
591 950 692 999 quoque
711 942 875 993 necesse'est
896 939 999 999 eodem,
1023 948 1073 995 qua

64 1042 250 1104 adolescentes,
273 1043 382 1086 utantur
403 1020 571 1101 educatione,
597 1044 639 1101 nt,
663 1041 825 1100 quumaline
843 1040 962 1087 adalind
980 1050 1072 1089 munus

63 1147 133 1205 aptae
148 1144 213 1238 siut,
237 1156 305 1203 quae
330 1142 362 1189 ad
385 1141 445 1188 belli
467 1141 576 1202 negotio
596 1142 761 1225 reperiantur
782 1143 923 1205 idoneae,
933 1156 979 1193 eae
1002 1138 1074 1187 mili-

62 1251 126 1312 tum,
140 1232 205 1307 quae
221 1258 286 1295 vero
305 1244 337 1292 sd
357 1245 509 1305 gerendam
515 1228 716 1308 rempublicam,
734 1260 787 1295 eae
798 1246 997 1306 magistratuum
1015 1257 1074 1290 mu-

15 1332 16 1337 *
61 1365 119 1398 nere
134 1350 280 1410 longantur
297 1346 385 1409 ).-
417 1345 477 1393 His
483 1345 565 1407 igitur
584 1332 761 1407 similibusque
781 1334 911 1400 institutis
931 1347 996 1394 illud
1015 1340 1074 1393 eli

62 1452 151 1517 cietur,
172 1455 203 1499 ut
222 1450 330 1513 civitas,
354 1448 456 1508 qualem
474 1448 674 1513 descripsimus,
697 1450 799 1497 stabilis
823 1451 868 1521 liat
889 1453 968 1509 atque
990 1451 1072 1510 firma,

60 1544 197 1616 praeclusis
221 1541 368 1600 discordias
394 1551 479 1598 civilis
501 1536 632 1615 tontibus,
659 1520 775 1611 adeoque
805 1567 862 1600 eam
891 1552 1016 1600 virtutem
1045 1555 1073 1599 et

61 1660 227 1718 consequetur
242 1657 271 1702 et
285 1655 406 1717 tueatur,
428 1667 494 1713 quse
514 1654 544 1700 in
567 1654 665 1714 optimo
682 1654 841 1716 reipublicae
865 1656 938 1701 statu
959 1653 1073 1713 reperiri

62 1761 205 1808 debeat.-
239 1754 291 1804 Sed
306 1732 518 1816 quemadmodum
536 1757 607 1804 salus
626 1760 654 1815 et
671 1728 784 1804 ielicitas
806 1757 968 1818 singulorum
985 1752 1071 1803 borni-

14 1918 15 1921 *
60 1875 116 1910 uum
133 1874 165 1909 ex
181 1859 300 1936 ipsorum
315 1858 411 1935 sirtute
433 1859 541 1919 pendet3
564 1834 604 1906 ita
627 1861 707 1909 etiem
728 1860 910 1908 universarum
936 1846 1071 1921 ciuitatum
1132 1862 1136 1871 '

61 1977 109 2013 nou
125 1962 213 2023 potest
229 1968 288 2008 esse
305 1961 383 2007 beata
407 1960 538 2024 conditio,
563 1962 615 2009 uisi
639 1977 704 2023 quaa
728 1977 785 2013 cum
809 1962 909 2011 virtute
932 1958 1072 2009 coniuncta

61 2067 99 2116 sit.
134 2064 212 2129 Sicut1
223 2063 306 2125 igitur
317 2050 484 2118 miserrimus
502 2066 558 2128 est,
580 2065 652 2113 culus
672 2066 774 2113 animus
792 2066 891 2113 misera
908 2062 1026 2111 libidinis
1045 2064 1071 2109 et
1166 2056 1173 2063 ’

62 2169 201 2232 cupiditatis
219 2148 400 2215 dominatione
418 2171 571 2228 exercetur;
588 2168 755 2219 beatissimus
772 2182 850 2230 vero,
877 2145 1082 2227 qul'loatitlnm·
1120 2227 1123 2234 Ι

61 2270 228 2336 virtutemque
254 2268 381 2323 'studiose'
395 2268 473 2330 eolit;
496 2269 534 2318 ita
557 2270 638 2318 etiam
661 2271 792 2330 impotens
809 2269 915 2330 tyranni
933 2258 1071 2329 imperium

61 2374 178 2427 miseriae
190 2375 268 2434 longe
285 2361 466 2432 plenissimum
484 2376 539 2435 est,
561 2364 743 2440 ἀριστοκρατία
761 2375 848 2420 antem
870 2371 926 2419 sire
943 2358 959 2418 o
965 2370 1070 2431 ptime
1093 2414 1096 2421 ,

14 2460 16 2489 ξ
62 2477 249 2538 respublica
273 2474 344 2522 tanta
369 2474 503 2524 commoda
525 2477 602 2533 atque
625 2476 695 2523 bona
721 2473 819 2522 civibus
850 2474 943 2536 alleri,
973 2458 1079 2532 quanta·

63 2577 324 2631 maximahomlnibus
337 2591 384 2637 per
403 2577 503 2649 civilem
516 2578 670 2625 societatem
681 2576 792 2638 p'ossunt
803 2576 955 2637 contingere
967 2574 1018 2636 ii).
1035 2596 1071 2608 -·

121 2679 311 2751 Descripsi'mus
329 2680 447 2729 breviter
464 2682 593 2728 civitatem
616 2680 777 2728 Platonicam
801 2681 829 2727 in
846 2680 887 2727 bis
907 2676 1069 2726 sermonibus
1149 2711 1153 2725 .

63 2762 149 2848 ιιιὲιιι
165 2799 222 2832 eum
243 2783 516 2844 orationtstelegsntis
536 2785 714 2832 informatam.
750 2783 965 2843 comparantibus
983 2785 1070 2827 aulem

63 2887 208 2935 nobiseum
229 2901 288 2933 cum
304 2885 428 2945 optimi
445 2849 626 2935 hominis
618 2887 747 2948 imagine,
770 2869 847 2971 quam
873 2898 953 2946 supra
978 2882 1070 2929 adum-

63 2988 197 3053 bravimus,
214 2988 319 3042 dubium
336 3003 390 3044 non
408 3003 466 3036 esse
481 2989 627 3054 ridebitur,
651 2990 714 3050 quin
731 2988 850 3067 singulae
866 2990 922 3037 fere
940 2987 996 3034 eius
1007 2999 1069 3044 par-

63 3090 96 3139 tes
112 3093 145 3138 ad
157 3074 228 3138 illius
238 3091 437 3139 similitudinem
451 3092 503 3139 sint
514 3091 683 3152 compositae
717 3090 787 3146 Quid
798 3090 920 3152 igiturl
913 3066 981 3139 sisne
995 3087 1070 3140 tidem

63 3191 217 3257 babebimus,
235 3195 400 3273 qui'omnem
419 3194 451 3267 de
467 3195 601 3255 republica
618 3174 822 3256 disputationem
833 3180 1004 3253 potissimum
1021 3180 1069 3236 do·
1073 3200 1076 3207 ¹
1111 3230 1118 3245 ι,

63 3297 158 3345 ctrinae
171 3297 208 3363 de
226 3300 343 3363 moribus
365 3297 535 3367 explicandae
557 3295 645 3359 gratia
667 3300 816 3356 susceptam
837 3278 946 3355 ideoque
969 3288 1070 3354 partem
1099 3292 1101 3297 '
1175 3354 1177 3361 Α

62 3462 258 3507 -ι-μ--ι-ὐ-

93 3622 179 3686 ⁸.)V
188 3625 256 3678 libr.
273 3629 297 3673 V
317 3625 355 3673 in.
378 3641 404 3685 p
423 3591 482 3670 son
500 3628 529 3673 A.
570 3604 746 3684 Disputarunt
774 3622 805 3669 de
836 3622 877 3669 his
905 3610 1008 3681 placitis
1025 3620 1070 3666 De

143 3694 330 3742 Geeriusl.
360 3711 382 3747 c
407 3709 432 3754 p.
464 3695 513 3741 leo
536 3710 589 3754 sqq
624 3691 746 3743 Antius
772 3691 804 3738 de
827 3691 888 3738 Vita
910 3692 937 3735 et
958 3688 1071 3748 Scrsptrs
1138 3722 1142 3726 .

144 3752 249 3815 Platon.
268 3778 293 3823 p
313 3767 372 3813 343.
391 3765 692 3825 etMosgenstern.
712 3760 731 3806 l.
751 3774 773 3804 c.
791 3776 816 3821 p.
830 3762 925 3815 224-
894 3760 992 3804 -.23·t
1011 3757 1078 3821 coll„

144 3847 171 3891 p.
189 3832 345 3881 toa-314.
340 3867 361 3895 .‚
379 3847 429 3892 quo
448 3832 506 3879 loeo
526 3832 657 3878 subtiliter
675 3827 762 3874 docuit
780 3831 913 3876 Platonem
931 3828 962 3873 ob
982 3827 1072 3872 oculos

146 3900 269 3947 babuisse
282 3916 368 3950 morea
386 3904 412 3948 et
430 3900 555 3947 instituta
569 3898 849 3947 Lacedaemoniorum.¹
874 3887 996 3943 Ceterum
1014 3895 1073 3954 phi-

145 3969 271 4028 losopbus
300 3972 379 4020 etiam
401 3970 481 4027 tege.
505 3960 563 4019 vil.
589 3984 614 4027 p.
639 3970 698 4018 805.
722 3968 754 4013 D.
778 3965 817 4015 sisi
843 3962 969 4019 παιδείας.
982 3979 1009 4013 τι
1032 3962 1074 4015 scri

141 4054 195 4116 ιτιιιν
215 4031 330 4086 ratiost
314 4055 329 4085 o
345 4055 372 4085 τι
392 4030 505 4104 faciliora
521 4036 645 4085 κοινωνεῖν
663 4031 694 4082 τὸ
712 4031 785 4100 θῆλυ
803 4035 873 4100 γένος
893 4028 951 4100 ἡμῖν
972 4029 1008 4096 τῷ
1025 4028 1074 4085 τῶν

146 4099 255 4193 ιιρῤίνιιν
270 4107 342 4172 γένει.

86 4220 131 4284 “)
155 4228 185 4272 V.
204 4225 263 4274 libr.
279 4228 323 4275 lx.
341 4242 366 4287 p.
386 4229 443 4274 ild.
462 4228 494 4275 D.
513 4226 643 4287 usquead
663 4230 748 4275 finem.
