2674 4720
932 304 1056 379 XXXV

46 470 110 520 euim
129 465 293 518 iracundiam
315 468 396 518 animi
419 467 458 518 ita
480 471 644 521 formandam
665 470 854 535 regendamque
878 450 1057 545 esse‘stsmtt,

45 579 72 622 ut
84 572 200 621 radonis
218 585 327 621 cansam
349 577 439 635 ageret
462 588 492 622 ac
515 579 650 638 tueretur,
677 575 715 622 ita
736 576 814 624 etiem
832 552 950 649 ordinem
967 549 1056 633 custo.

46 675 116 738 dum,
132 676 227 735 quippe
245 676 321 735 plebe
340 675 553 738 generosiorem,
579 680 721 738 prudenter
740 679 845 726 educari
862 684 940 741 atque
957 686 1056 735 erudiri
1074 724 1079 736 .

47 777 137 840 voluit,
158 782 188 825 nt
205 767 408 838 magistratuum
426 778 586 843 sapientibus
612 781 729 827 consiliis
749 782 872 839 obediens
896 786 1055 847 reipublicae

47 880 151 927 salutem
168 884 225 927 turn
246 894 261 927 a
279 879 429 927 domesticis
448 884 502 927 tum
526 881 556 927 ab
580 844 698 929 externis
722 884 846 949 periculis
869 888 954 934 tutam
979 901 1055 948 prae.

46 986 133 1029 steret.
154 984 258 1047 ‘ltaque
276 996 310 1029 ex
326 982 385 1029 eius
404 982 535 1029 sententia
552 983 697 1032 nobiliores
718 986 812 1034 civium
834 987 941 1037 ordines
959 991 1055 1040 educas-

46 1083 115 1137 tione
136 1084 338 1146 diligentissime
361 1082 497 1131 erudiendi
525 1088 595 1132 sunt.
630 1087 709 1135 Cuius
734 1088 774 1137 rei
802 1089 907 1138 initium
925 1105 941 1139 a
956 1094 1054 1145 futuris

46 1185 164 1243 diritatis,
175 1188 327 1234 custodibus
348 1160 493 1234 faciendum
515 1187 661 1236 arbitratur
679 1189 720 1252 ”).
754 1192 874 1240 Formati
895 1197 982 1247 autem
1003 1197 1063 1247 hos·
1148 1189 1153 1209 '

46 1288 147 1351 oport'et
166 1303 220 1349 per
237 1289 482 1350 gymnastieam
507 1294 585 1350 atque
610 1291 782 1353 musicam.
817 1295 860 1342 Ex
881 1297 972 1359 quibus
996 1299 1054 1371 illa,

45 1391 94 1439 etsi
110 1391 248 1453 praecipue
266 1393 299 1439 ad
317 1392 433 1452 corporis
456 1392 675 1441 exercitationem
696 1398 723 1442 et
746 1396 844 1443 cultum
860 1398 994 1458 pertinere
1010 1401 1052 1450 ri.

45 1493 128 1558 detur,
156 1499 246 1543 tamen
267 1494 307 1541 ita
332 1494 488 1542 moderanda
512 1498 553 1543 est
578 1498 656 1554 atque
680 1498 832 1560 tractanda,
857 1503 885 1548 ut
912 1515 947 1548 ne
970 1503 1052 1554 animi

43 1596 132 1644 uirtuti
147 1597 201 1645 ullo
220 1597 297 1655 modo
315 1598 428 1675 officiat,
446 1598 491 1644 sed
510 1595 600 1658 potius
615 1612 671 1646 eom
684 1592 787 1648 adiuvet
802 1605 877 1661 atque
895 1606 991 1664 augeat
1001 1605 1052 1668 m⁸),

44 1699 141 1748 blosica
156 1705 245 1749 autem
261 1699 397 1748 institutio
415 1700 454 1746 ita
468 1700 520 1748 erit
536 1706 702 1763 comparata,
724 1705 754 1749 ut
775 1716 865 1751 omnes
883 1704 940 1752 eius
961 1711 1051 1766 parter

45 1803 78 1850 ad
91 1803 168 1850 animi
185 1804 359 1852 eruditionem
379 1802 527 1864 uultumque
553 1805 716 1867 referantur,
739 1804 854 1865 nihilque
876 1808 1051 1869 complectan.

44 1906 100 1967 tur,
121 1906 188 1964 quod
209 1906 285 1967 bonis
308 1903 425 1953 moribus
454 1919 550 1952 nocere
575 1919 655 1965 posse
680 1905 807 1956 videatur.
856 1911 947 1967 ltaque
972 1910 1052 1962 etiam

46 2007 163 2068 quaedam
182 2008 273 2077 poesis
293 2021 393 2069 genera
416 2020 432 2053 a
450 2007 554 2055 ciuitate
571 2023 681 2068 prorsus
703 2008 816 2055 arcenda
838 2015 910 2075 sunt,
929 2027 995 2071 quae
1013 2014 1051 2062 ci.

46 2109 109 2158 sium
126 2109 256 2158 sentiendi
275 2110 420 2171 agendique
437 2109 535 2157 rationi
553 2110 701 2170 perniciosa
716 2110 937 2175 videantun‘tt).
963 2115 1052 2176 lnpri.

45 2213 91 2261 nis
105 2219 189 2262 autem
209 2213 234 2260 id
253 2211 366 2274 spectari
386 2216 508 2275 oportet,
532 2214 561 2258 nt
583 2214 704 2261 custodes
729 2215 759 2260 ab
781 2214 852 2265 omni
872 2215 984 2264 habendi
1004 2233 1051 2266 cu.

46 2316 147 2377 piditate
164 2320 193 2364 et
209 2315 321 2363 avaritie
337 2314 417 2361 alieni
435 2313 503 2376 sint,
530 2313 591 2372 quia
615 2313 731 2374 alioquin
749 2328 797 2361 nee
819 2294 866 2361 suo
887 2316 1052 2367 satisfacturi

46 2423 101 2466 sunt
117 2419 215 2482 officio,
234 2422 262 2466 et
279 2417 363 2476 ipsius
378 2417 480 2478 patriae
499 2414 636 2463 securitati
653 2414 793 2477 perniciosi
814 2416 932 2465 evadent.
949 2444 985 2491 .”
1009 2421 1053 2472 Ex

8 2518 10 2575 i
47 2514 173 2568 custodum
193 2532 304 2568 numero
326 2520 421 2570 deinde
443 2517 671 2581 magistratus
697 2530 726 2564 ac
743 2517 917 2579 principes
934 2521 1052 2582 reipu.

8 2610 10 2673 ἶ
46 2622 148 2677 blicae
166 2623 298 2684 deligendi
310 2625 379 2671 sunt.
406 2619 858 2695 Convenitautemeamcivitatem‚
877 2625 1053 2684 queeoptimu
1145 2688 1148 2695 Ἰ

8 2700 9 2703 ¹
46 2724 80 2773 sit
93 2727 194 2790 futura,
210 2725 268 2787 regi
287 2729 313 2773 et
331 2724 510 2772 administrari
527 2724 559 2771 ab
577 2723 625 2786 iis,
642 2722 688 2782 qui
709 2722 840 2770 communi
856 2724 973 2774 virorum
989 2742 1053 2788 pru.

9 2844 15 2853 ·
45 2827 154 2876 dentium
170 2828 266 2877 iudicio
287 2827 381 2890 optimi
397 2827 552 2877 habeantur.
583 2829 673 2886 ltaque
689 2824 710 2874 ii
732 2825 899 2889 praeficiendi
917 2831 980 2880 suut
997 2827 1054 2880 rei-
1132 2844 1134 2849 ·

75 3114 105 3178 ¹)
126 3117 165 3233 file
190 3103 330 3235 ουεὲιᾶιέιιῃέ
348 3112 503 3164 educatione
527 3113 676 3176 disputatur
699 3112 760 3162 libr.
784 3113 816 3161 ll.
838 3127 865 3174 p.
890 3117 947 3163 3¹16.
969 3118 997 3164 c.
1020 3140 1076 3171 -,
1154 3173 1158 3180 ,
1246 3172 1250 3181 ‚

164 3201 213 3247 .p.
283 3218 290 3231 .
331 3218 338 3231 .
858 3196 861 3201 “

59 3285 105 3349 ⁸⁸)
126 3288 290 3337 v.1ibr.111.
310 3301 336 3348 p.
349 3289 409 3335 soa.
424 3288 447 3334 n
467 3300 518 3347 sqq.
536 3285 596 3334 0011.
609 3287 654 3333 rx.
673 3276 698 3346 ρ’.
718 3256 778 3333 sor:
794 3286 891 3333 a-n.
912 3300 937 3347 p.
952 3274 1009 3335 sai.
1021 3291 1053 3337 n.
1075 3346 1080 3361 Ι

44 3404 101 3468 ⁰⁸³)
124 3406 312 3467 copiosissime
333 3404 364 3453 de
382 3402 431 3455 hoc
449 3409 602 3466 argumento
621 3402 746 3450 disseruit
761 3402 931 3464 philosophus
948 3406 1008 3454 libr.
1021 3369 1052 3455 li.
1112 3420 1118 3429 ·

123 3489 150 3535 p.
160 3479 231 3531 1362.
249 3478 271 3523 E
291 3489 347 3534 sqq.
370 3476 416 3521 ill.
436 3490 460 3534 p.
479 3478 537 3521 386.
553 3476 575 3522 Ἀ
594 3489 647 3533 sqq.
666 3477 693 3519 et
710 3474 768 3518 libr.
789 3474 867 3520 X’in.
914 3478 995 3523 Docte
1019 3478 1053 3523 il.-

123 3544 169 3591 lud
190 3545 317 3606 explicuit
335 3542 589 3604 Mor'g'enstern.
608 3542 625 3588 l.
644 3556 666 3587 c.
682 3557 712 3601 p.
728 3543 901 3601 zat-265.‚
919 3546 961 3602 qui
981 3549 1054 3605 recte
1133 3600 1137 3613 x

22 3632 28 3645 ⁴
123 3613 247 3662 observat
265 3613 313 3659 hoc
333 3612 444 3659 maxime
462 3610 577 3659 voluisse
594 3610 743 3672 Platonem,
762 3614 791 3656 ut
808 3611 897 3668 poesis
909 3627 942 3658 ne
961 3613 1053 3659 aduer-

124 3686 231 3747 saretuq
249 3681 413 3741 legislationi
440 3680 547 3742 morali,
578 3680 655 3738 quam
681 3683 783 3727 vocarit.
837 3681 934 3726 Eadem
959 3682 1054 3740 placitu

124 3751 199 3798 Plato
226 3749 344 3796 defendit
367 3749 444 3796 etiam
463 3751 543 3809 Legg.
558 3748 591 3794 11.
612 3740 642 3807 p.
661 3751 719 3794 658.
737 3748 759 3794 r:
778 3763 847 3810 sqq,
869 3763 919 3808 quo
942 3749 1001 3796 loco
1026 3751 1053 3796 in

125 3819 233 3881 civitate
251 3820 316 3865 bene
333 3823 437 3864 morata
457 3818 584 3876 quidlibet
602 3817 715 3877 tingendi
736 3816 868 3863 licentiam
886 3819 1055 3865 coercendum

125 3888 289 3949 arbitrator,
312 3886 339 3932 id
362 3887 429 3944 quod
453 3887 481 3933 in
503 3889 622 3946 Aegypto
651 3887 710 3946 liat,
739 3884 782 3930 ubi
806 3886 910 3945 puetis,
940 3887 1057 3949 musicis,

126 3955 285 4016 pictoribus,
304 3955 377 4016 aliis,
394 3955 464 4015 leges
485 3960 572 4019 certae
591 3950 788 4015 scriptitarint,
813 3968 874 4012 quas
887 3953 991 4001 »violare
1008 3971 1061 4003 ne·

127 4026 167 4072 tas
193 4024 327 4071 habeatur.
371 4024 442 4077 Quae
465 4024 542 4069 verba
564 4023 632 4069 haud
651 4020 704 4069 scio
728 4034 764 4066 au
779 4021 844 4069 sotis
861 4023 930 4071 clare
949 4023 1057 4071 doceant

127 4094 231 4141 Platoni
250 4091 332 4141 etiam
349 4092 378 4138 in
390 4091 484 4139 Politia
499 4090 688 4152 Aegyptiorum
701 4086 822 4137 instituta
840 4093 872 4137 ob
890 4090 981 4138 oculos
999 4106 1060 4138 esee

127 4166 239 4211 uersata.

662 4241 809 4318 *ss*ss
