2674 4720
960 346 1082 419 bxxr

76 518 157 578 parurn
180 520 288 572 virtutis
311 520 475 584 disciplinam
496 491 577 574 etiarn
606 522 639 574 sd
658 487 751 575 ⁹artem
774 522 878 573 civilem
902 522 1083 592 tradumbant,

76 618 171 681 ideoque
195 637 250 671 uua
271 612 332 672 cum
355 624 457 686 privata
473 640 504 675 ae
531 608 675 676 domestica
699 626 798 674 uirtute
827 618 956 687 publicam
979 642 1083 689 quoquc

75 719 222 771 motatorem
240 728 321 786 atque
334 727 487 777 felicitatem
501 730 620 779 funditus
637 730 803 789 evertebant3
826 728 945 789 profecte
961 744 1016 778 uon
1033 743 1084 793 po.

75 822 126 887 tuit,
142 827 203 885 qnln
220 824 321 903 illustri
336 830 443 880 virtutis
461 830 576 898 imagine
593 832 626 880 ob
638 830 727 879 oculos
738 826 872 879 'collocata
883 832 1085 896 demonstraret,
1107 824 1111 840 '

28 976 29 979 ,
76 931 186 982 quantum
202 927 250 977 isti
267 918 387 980 homines
417 936 526 995 utroque
547 933 576 980 in
600 946 698 994 genero
721 944 737 979 a
761 934 901 982 torturis
921 934 1085 998 aberrarent,
1112 1002 1114 1005 Ι

75 1026 156 1089 quippe
177 1031 221 1092 qui
244 1045 334 1082 veram
362 1033 466 1083 rimatis
489 1039 607 1091 naturam
629 1038 707 1094 atque
734 1032 889 1095 dignitatem
911 1035 985 1083 nullo
1006 1034 1084 1084 modo

75 1130 268 1190 perspexissent.
295 1104 395 1196 *Neque
411 1134 476 1185 illud
493 1136 632 1185 obscuram
642 1150 701 1185 case
713 1142 843 1201 putamus,
860 1151 907 1189 cur
918 1151 966 1199 per
982 1151 1086 1190 omnem

75 1241 207 1280 sermonem
224 1239 391 1295 potissimum
407 1239 439 1288 de
462 1237 567 1287 iustitia
584 1239 748 1298 disseratur3
776 1248 843 1298 quae
864 1252 907 1287 res
932 1238 1032 1299 effecit,
1055 1240 1087 1288 ut

76 1331 165 1390 plurimi
183 1340 364 1397 quaestionem
390 1340 421 1389 de
438 1339 543 1388 iustitia
559 1341 591 1389 ab
608 1340 692 1390 altera
704 1339 751 1388 illa
769 1339 966 1388 discernendam
982 1339 1088 1388 ludios-

74 1420 161 1501 serint,
192 1453 259 1498 quae
283 1441 313 1490 in
338 1441 509 1491 describenda
532 1443 630 1505 optima
645 1440 764 1492 'civitate
786 1446 917 1490 versatur.
955 1440 1087 1497 quomam

77 1537 133 1586 toln
148 1522 258 1608 perfecti
274 1543 388 1592 hominis
407 1548 434 1593 et
449 1546 584 1607 perfectae
601 1544 716 1594 civitatis
733 1543 834 1604 speeies
846 1542 1017 1606 proponitur,
1036 1557 1088 1592 ne-

76 1642 203 1691 eessariam
217 1643 298 1693 etiam
312 1644 378 1711 tuit,
395 1648 431 1699 ut
446 1638 579 1708 perfectae
594 1646 701 1697 virtutis
718 1645 793 1699 notio
811 1644 1030 1710 investigaretur,
1053 1642 1088 1696 al

76 1752 170 1804 eamque
187 1749 312 1808 tanquam
329 1749 411 1799 totius
435 1748 623 1810 disputationis
646 1750 842 1818 fundamentum
865 1745 955 1797 omnia
977 1760 1088 1796 revees-

76 1849 161 1900 rentur.
184 1848 237 1897 Est
251 1827 315 1899 vero
334 1850 476 1900 secuudum
487 1849 602 1899 Platonis
620 1851 777 1927 sententiam
791 1851 897 1900 institia
911 1848 1087 1915 potissimum,
1131 1888 1138 1909 ,

76 1959 116 2006 qna
133 1949 290 2012 reliquarum
309 1949 440 2000 virtutum
462 1950 579 2000 omnium
599 1953 729 2003 absolutio
752 1959 780 2002 ct
802 1953 994 2003 consummatio
1020 1964 1087 2001 cens

77 2047 169 2101 iiuetnr.
203 2052 261 2108 Qua
278 2052 383 2101 sublata
398 2052 456 2101 ieri
474 2064 528 2102 nou
551 2058 656 2120 potest,
676 2061 706 2105 nt
722 2058 842 2118 perfecta
864 2055 950 2105 virtus
973 2054 1089 2117 unquam
1115 2028 1118 2033 ‚

27 2176 28 2185 .
79 2151 173 2203 oriatur.
206 2154 338 2211 Quocirca
354 2153 411 2221 eins
437 2155 513 2204 notio
533 2124 566 2209 in
586 2158 659 2207 hisce
682 2158 847 2207 sermonibus
870 2158 1018 2220 explicatur
1039 2157 1088 2224 lta,
1194 2214 1197 2225 ¹

27 2262 28 2265 ’
80 2256 103 2301 ut
120 2269 148 2305 ea
161 2271 215 2307 nou
233 2256 318 2306 solum
334 2255 368 2305 ad
385 2248 480 2317 optimi
497 2257 624 2322 hominis,
650 2260 799 2308 sedetiam
821 2260 854 2307 ad
870 2261 1004 2320 perfectae
1021 2259 1089 2310 ciel·
1193 2329 1196 2332 ῃ

27 2426 29 2449 Ι
79 2354 131 2406 tatis
150 2357 353 2421 descriptionem
381 2372 481 2420 magna
504 2372 563 2409 oum
590 2365 648 2408 arte
677 2360 838 2410 adhibentur.
885 2362 1089 2424 sapientissime

80 2456 150 2520 igitur
166 2461 348 2531 philosophus,
379 2465 408 2509 ut
425 2461 540 2510 lectores
565 2461 653 2523 operis
677 2464 768 2513 statim
791 2464 822 2511 ab
840 2460 917 2513 labio
934 2465 1012 2514 adid
1029 2463 1090 2514 ani-
1140 2506 1145 2518 .

28 2580 29 2603 r
79 2573 138 2610 unm
152 2564 331 2626 adverterent,
352 2562 380 2611 in
398 2578 449 2624 quo
469 2563 552 2613 totius
570 2532 734 2625 quaestionis
751 2567 829 2615 cardo
846 2566 969 2632 vertitur,
986 2581 1089 2616 sermo-
1113 2614 1122 2625 ,

81 2678 131 2714 uem
145 2669 173 2716 ab
190 2666 347 2715 illustranda
370 2666 490 2715 iustitiae
508 2666 617 2715 notione
642 2681 754 2715 exorsus
779 2671 834 2732 est,
857 2669 936 2729 idque
958 2682 990 2719 eo
1012 2668 1091 2718 modo

28 2804 29 2809 ,
80 2770 147 2834 iecit,
169 2774 199 2819 ut
220 2782 314 2831 pravas
340 2769 372 2816 de
397 2781 430 2816 ca
453 2768 590 2830 opiniones
614 2769 656 2818 rel
679 2752 849 2830 explicaverit
868 2772 910 2819 vel
926 2773 1090 2822 refutaverit.

28 2884 29 2889 ¹
80 2871 143 2926 duod
152 2872 235 2933 ipsum
245 2872 287 2921 eei
299 2875 439 2933 propterea
454 2870 505 2920 fuit
519 2871 707 2935 uenenarium,
727 2875 799 2933 quod·
812 2872 922 2922 notandi
935 2876 1014 2933 atquc
1028 2874 1093 2924 illu·

28 2996 30 3053 l
81 2976 164 3024 strandl
176 2979 253 3025 eraut
264 2987 368 3045 errores
381 2960 566 3038 sophistarum,
578 2988 643 3034 quus
656 2989 710 3023 nou
720 2975 851 3035 potuisset
863 2980 987 3027 accurate
998 2978 1093 3026 oonfu·

28 3076 30 3147 l
80 3078 136 3139 lare,
146 3077 195 3125 nisi
210 3091 256 3126 cos
267 3072 387 3124 antesin
399 3074 495 3125 illustri
508 3074 716 3138 lueeposnlssot.
744 3078 840 3126 Haesit
852 3080 941 3127 autem
956 3080 1031 3128 Plato
1050 3077 1095 3129 ln·

28 3184 30 3225 l
80 3178 157 3226 tlitiae
168 3182 416 3238 consummataeque
429 3176 532 3227 rimatis
542 3177 667 3227 notitiam
679 3193 714 3227 ex
726 3168 827 3228 intimis
841 3179 922 3228 animi
932 3180 1037 3228 humani
1043 3194 1094 3243 pe.

28 3248 30 3253 Ι
81 3282 219 3330 netralibus.
238 3281 297 3337 ilua
308 3281 337 3328 ln
347 3294 377 3329 re
390 3278 527 3340 plurinnn
542 3281 681 3330 necessita
694 3281 870 3342 sophistarum
881 3282 994 3348 ratione,
1006 3282 1095 3333 omnia

28 3388 29 3391 ’
81 3383 196 3450 sensibus,
207 3382 320 3433 rationis
331 3382 431 3432 iudicio
443 3384 510 3432 nihil
522 3388 567 3433 aut
576 3392 670 3445 parum
682 3383 861 3432 tribuentium.
879 3384 1033 3446 Exploratis
1041 3384 1096 3448 igl⁴

83 3489 119 3534 tur
129 3486 324 3535 animi'humsnl
338 3485 507 3536 facultatibus
523 3491 602 3548 atque
615 3484 720 3536 uirtutis
730 3486 926 3549 honestatisque
936 3488 1038 3550 legibus
1051 3486 1096 3537 lu·

80 3584 180 3655 degatis,
197 3588 309 3639 accessit
326 3589 431 3667 tandem
447 3589 480 3637 ad
495 3586 691 3639 describendam
702 3590 795 3651 optimi
811 3590 927 3640 hominis
945 3591 1095 3656 imagineas,

80 3689 104 3739 lu
119 3707 167 3753 qua
183 3692 269 3742 omnis
286 3691 396 3741 virtutis
411 3693 527 3742 nationes
544 3692 624 3742 veluti
641 3698 784 3754 expressae
804 3695 1034 3757 conspicerentur3
1054 3698 1097 3744 at-

29 3796 30 3819 ³
82 3806 124 3852 qne
151 3795 183 3843 sd
207 3795 285 3845 buius
309 3796 507 3845 similitudinem
530 3795 677 3856 composuit
702 3795 817 3856 optimae
837 3795 952 3845 civitatis
974 3796 1098 3862 speciem,
1186 3856 1189 3871 ,

29 3900 30 3935 i
81 3904 138 3954 quse
161 3904 187 3946 ct
209 3897 323 3946 hominis
348 3898 432 3960 ipsius
453 3898 553 3960 efigies
577 3872 666 3957 aliqua
686 3901 757 3946 esset
782 3901 809 3947 et
832 3897 944 3948 virtutes
962 3901 1098 3962 perfectae

29 4058 30 4067 ἵ
82 3980 246 4066 reipublicae,
275 4001 361 4062 qualis
383 4007 472 4050 menta
496 4005 598 4050 tantum
623 3978 701 4061 atquo
728 4000 889 4064 cogitatione
914 4001 1100 4064 comprehendi
1129 3965 1139 4001 ἱ

29 4162 31 4167 ι
82 4105 179 4167 posset,
196 4105 229 4153 ub
247 4104 338 4154 oeulos
359 4099 510 4157 tollocmet.
546 4104 676 4159 Quoniam
694 4119 757 4154 vero
773 4106 945 4171 philosophus
961 4119 1008 4169 ea,
1031 4118 1099 4166 quaa

83 4198 108 4247 iu
129 4202 201 4255 libris
221 4209 303 4256 antes
318 4206 397 4257 editis
414 4208 455 4255 vel
473 4208 670 4258 adumbraverat
692 4192 874 4261 tantummodo
891 4210 933 4258 vel
949 4206 1100 4272 sbignlsun
