2674 4720
25 296 27 387 ,
60 257 61 260 γ

24 568 26 725 l

956 216 958 227 Ι
979 271 1096 340 XLVII

66 451 157 512 solun
169 449 339 513 singolorum
354 448 463 516 cisium,
485 451 532 500 sed
548 450 629 501 etiam
645 451 784 501 universae
800 444 959 511 reipublicae
973 446 1096 499 virtutem
1163 446 1169 459 ‘

90 554 281 618 contaminaret,
302 558 330 604 et
348 568 427 614 quum
444 550 582 616 praetcrea
600 555 669 603 ratio
687 554 772 605 civilis
790 552 858 614 apud
876 554 989 601 Graecos
1006 565 1023 600 a
1039 551 1096 600 vir·

91 657 141 704 tutis
157 671 185 705 ac
199 670 302 706 morum
319 657 442 705 doctrina
458 672 513 705 non
534 660 604 717 esset
624 657 757 720 seiuncta,
781 659 916 715 utramque
938 655 1005 702 hanc
1028 653 1096 701 ima·

24 766 25 775 ¹
90 759 162 820 giren
177 762 298 837 accurate
317 760 505 821 depingendam
522 762 549 808 et
565 764 620 808 tum
632 760 805 820 sophistarum
818 762 873 825 turn
889 758 1007 806 virorum
1023 768 1095 804 rem-

90 863 200 923 publicam
218 863 386 910 tractantium
403 842 537 925 pestiferis
558 863 724 923 opinionibus
743 862 925 927 opponendam
945 860 1077 909 indicavit.

145 965 316 1025 Exposuimus
336 966 465 1029 rationes,
484 965 575 1024 quibus
596 966 723 1013 adductus
736 964 910 1025 'philosophus
924 978 982 1011 cum
1000 961 1094 1024 optimi

89 1064 185 1115 hominis
209 1068 325 1129 imagine
350 1069 484 1128 perlectae
512 1068 626 1128 speciem
649 1067 807 1129 reipublicae
832 1067 1003 1128 copulandam
1024 1066 1095 1114 iudi-

91 1170 180 1217 csserit.
213 1170 352 1234 Sequitur,
373 1174 404 1218 nt
425 1173 456 1219 de
475 1171 535 1230 ipsa
552 1157 665 1218 civitatis
681 1170 857 1235 incriptione
869 1170 999 1233 dieamus,
1017 1164 1110 1229 qnam*

22 1332 24 1347 ἲ
92 1276 181 1321 constat
201 1272 290 1321 multis
312 1273 428 1354 movisrtse
455 1278 540 1322 tantae
565 1273 757 1337 dubitationes,
788 1277 818 1321 ut
845 1287 904 1320 eam
932 1273 974 1321 vel
1001 1273 1094 1321 acerbe

90 1375 302 1439 reprehenderint,
329 1364 372 1424 rel
395 1380 519 1437 tanquam
540 1378 612 1438 aegri
637 1376 732 1437 capitis
756 1375 886 1423 somnium
910 1374 1046 1423 irriserint
1057 1375 1093 1439 ²).

92 1477 133 1532 hui
157 1492 208 1543 ιιοιι
236 1479 359 1527 videntur
381 1493 470 1527 secum
498 1482 636 1539 reputasse
664 1493 719 1527 non
748 1478 774 1525 id
798 1477 962 1538 propositum
986 1477 1094 1526 Platoni

90 1579 171 1644 inisse,
196 1583 225 1628 ut
241 1582 367 1629 conderet
395 1581 540 1663 civitatem,
564 1580 648 1642 qualis
674 1595 767 1629 revera
783 1580 854 1628 inter
874 1580 992 1627 homines
1013 1582 1094 1645 erret,

92 1681 129 1733 sed
140 1685 168 1730 ut
185 1697 241 1732 earn
260 1682 332 1731 illius
349 1664 496 1732 delinearet
512 1684 640 1748 speciem,
658 1686 760 1744 qualem
776 1686 864 1745 mente
882 1686 983 1731 tantum
999 1686 1026 1730 et
1046 1697 1094 1731 co·

92 1771 202 1844 piatione
236 1785 299 1847 tingi
330 1786 423 1835 liceret
441 1786 491 1849 ⁸³).
540 1787 646 1836 Etenim
675 1802 755 1848 quum
784 1787 859 1835 locus
890 1785 922 1832 de
954 1782 1096 1857 discipline*

92 1886 149 1934 cirili
168 1887 265 1948 triplici
286 1862 366 1971 modo
385 1889 545 1949 pertractari
569 1895 674 1954 posset,
700 1893 730 1938 ut
755 1889 797 1938 vel
820 1890 953 1949 perfectae
977 1888 1093 1936 civitatis

21 2016 26 2023 ·
92 1991 207 2061 exemplar
223 1993 432 2056 proponeretur,
454 1993 530 2052 hoale
551 1993 580 2041 in
599 1994 640 2042 his
657 1994 737 2041 terris
754 2006 882 2053 nusquam
900 1994 1030 2054 exstaret,
1050 1991 1095 2040 vel

92 2105 116 2139 cs
129 2095 279 2141 conderetur
298 2092 463 2157 respublica,
490 2108 555 2154 quae
579 2095 611 2142 ad
630 2094 709 2144 huius
730 2095 885 2156 exemplaris
901 2094 1094 2155 praestantiam

25 2236 29 2239 .
92 2207 153 2253 quum
165 2178 283 2256 proxime
300 2196 447 2257 accederet,
464 2197 505 2244 vel
522 2196 631 2257 denique
642 2198 787 2260 doceretur,
806 2197 936 2257 quomodo
952 2211 1008 2257 eae,
1026 2209 1094 2255 quae

19 2300 20 2305 ’
92 2300 142 2345 tnnc
157 2303 252 2362 essent,
270 2299 433 2367 respublicae
453 2299 565 2362 corrigi,
585 2299 723 2347 emendari
735 2303 762 2348 et
780 2299 812 2346 ad
829 2297 945 2364 aliquam
958 2313 1016 2346 cum
1034 2312 1095 2358 per·-

93 2397 148 2448 iecta
161 2401 263 2450 ciuitate
281 2400 478 2451 similitudinem
494 2401 588 2455 adduci
604 2405 712 2463 possent
728 2398 806 2465 W),
827 2400 1010 2464 philosophus,
1026 2414 1093 2461 quo-

117 2704 145 2770 ‘)
166 2708 227 2757 Vide
252 2720 317 2767 quos
335 2700 491 2757 memoravit
510 2712 760 2772 Morgenstern.
786 2709 805 2757 1.
828 2723 850 2756 c.
868 2722 894 2770 p.
920 2709 979 2757 loa
1021 2709 1093 2759 Adde
1125 2712 1127 2719 ‘

159 2776 334 2897 323¹}er
352 2779 402 2840 Vl,
420 2779 462 2826 4¹1.
486 2779 692 2828 Athenaeum
714 2781 769 2845 Xl,
794 2781 906 2842 150„nt
927 2774 1092 2828 recentiores

101 2942 142 3009 ”l
159 2936 230 2997 'Ante
249 2949 387 2997 Platonem
406 2948 633 3009 Hippodamus
658 2950 779 2998 Milesius
806 2951 838 2997 de
865 2949 964 3011 optima
988 2948 1095 2998 civitate

160 3020 321 3078 scripserat,
353 3020 379 3065 ct
407 3017 495 3076 plures
520 3018 694 3082 Pythagorei,
722 3024 752 3067 ut
776 3023 867 3067 auctor
893 3023 934 3066 est
957 3019 1096 3066 Aristotel.
1132 3016 1134 3021 ’

160 3087 198 3134 lle
216 3087 280 3147 Rep.
300 3087 338 3148 Il,
360 3089 385 3133 8.
417 3086 520 3140 Quibus
544 3086 603 3146 quid
620 3087 694 3135 Plato
721 3087 850 3151 debuerit,
874 3086 1010 3136 diiudicari
1040 3100 1095 3135 nou
1143 3124 1148 3143 ,
1185 3120 1187 3125 -
1225 3126 1230 3134 .

160 3159 257 3216 potest.
292 3157 347 3202 Nec
371 3157 468 3202 temere
493 3155 554 3202 ides
576 3154 691 3202 habenda
716 3161 756 3204 est
779 3155 925 3216 Diogeni
951 3156 1095 3203 Laertio

162 3224 218 3271 libr.
237 3226 284 3271 111.
308 3225 372 3271 sect.
391 3225 424 3269 31
449 3227 475 3269 et
496 3226 537 3269 51.
560 3236 594 3271 ex
611 3224 769 3272 Aristoxeno
793 3224 912 3271 narranti
933 3227 1016 3270 totam
1038 3225 1095 3271 iere

161 3292 298 3340 Politicam
321 3290 440 3340 Platonis
473 3291 502 3339 in
526 3293 689 3354 Protagorae
713 3285 889 3359 Ἀντιλογικοῖς
917 3292 1007 3340 ruisse
1029 3306 1096 3343 con-

163 3364 272 3409 tentam.
408 3392 416 3417 .

88 3453 117 3489 ιι

118 3456 194 3579 “³22
211 3464 492 3614 {renuerit
512 3465 722 3592 1111111-
725 3466 784 3581 ⁸i⁹
797 3460 1096 3581 1118111011
1163 3514 1176 3593 3

162 3602 239 3650 Polit.
260 3605 320 3681 lV,
328 3606 362 3663 6.,
380 3601 423 3659 qui
441 3600 580 3662 distinguit
596 3599 725 3649 πολιτείαν
742 3597 787 3664 τὴν
804 3593 922 3667 ἀρίστην,
942 3591 1020 3649 οἷσιν
1041 3595 1098 3665 μά-

162 3666 234 3719 λιστα
258 3686 307 3718 κατ
312 3662 429 3732 'edm
456 3669 482 3716 h.
508 3684 530 3716 e
554 3669 715 3729 perlectae
707 3670 847 3750 imaginem
870 3670 981 3718 civitatis
1008 3669 1096 3716 airino

161 3738 344 3798 informatam
366 3735 414 3802 τὴν
435 3738 461 3786 in
478 3731 527 3786 τῶν
549 3733 715 3803 ὑποκειμένοιν
736 3730 853 3802 ἀρίστην,
877 3740 903 3785 h.
922 3753 945 3786 e
969 3738 1097 3803 optimam

164 3809 243 3855 certis
274 3807 433 3867 quibusdam
453 3808 538 3871 locis,
567 3809 669 3866 populis
698 3812 748 3854 etr.
779 3808 881 3867 qualem
911 3806 1096 3867 rempublicam

164 3876 281 3923 Ρ1οῑοιιι
293 3878 391 3936 Legum
405 3875 478 3923 libus
492 3876 642 3936 descripsit
663 3879 690 3924 et
704 3891 751 3939 την
764 3874 788 3930 l*
798 3870 943 3931 υποθισεως
956 3874 1057 3924 notice
1055 3890 1096 3934 αι,
1139 3926 1144 3935 x

164 3942 229 3991 iae
246 3945 442 4007 rempublicam,
468 3944 550 4003 qualis
566 3945 676 4006 oritur,
700 3944 724 3992 si
747 3945 805 4005 quis
823 3945 935 4004 aliquam
952 3944 1097 4005 ciuitatem,

154 4013 251 4071 quales
273 4012 349 4074 vulgo
363 4017 443 4076 sunt,
464 4013 573 4076 reddere
593 4014 728 4060 meliorem
747 4012 836 4072 cupiat
860 4017 904 4063 aut
933 4015 1096 4073 confirmare,

164 4084 193 4128 ut
215 4081 272 4141 ipse
293 4081 409 4142 explicat
433 4081 597 4143 Aristoteles.
639 4084 731 4142 ltaque
753 4084 828 4130 Plato
853 4082 880 4129 in
898 4082 996 4130 Bolitia
1018 4079 1097 4127 tinxit

159 4150 302 4209 perlectam
326 4150 528 4214 rempublicam,
558 4150 642 4210 qualis
667 4154 757 4199 mente
786 4152 888 4200 tautum
910 4152 1000 4212 posset
1021 4162 1096 4196 coru-
