2674 4720
939 350 1089 422 cxxvn
1172 298 1177 307 ’

23 496 25 585 ζ
80 528 127 587 tau
142 519 282 572 musalms
299 519 450 583 copulatum
468 523 523 586 ess,
545 525 580 572 ut
593 520 689 572 merito
708 492 840 588 ambigas,
860 526 952 577 utrum
971 526 1091 591 phitom.

79 618 136 689 pti·
154 602 321 689 potissimum
342 614 525 686 spectaverit*
546 624 702 687 Quanquam
724 626 748 676 si
771 641 828 677 rem
849 590 1001 692 diligendus
1025 648 1092 683 con.

23 776 25 807 ᾖ
78 712 239 791 dictaveris,
259 725 435 790 sophistarum
453 727 615 790 aliorumque
633 729 780 790 aequalium
796 731 1000 783 confutationem
1016 735 1102 787 side.⁴

23 820 29 905 ’ρ
78 833 112 881 bis
133 835 184 881 tam
210 833 283 909 arcte
310 831 452 881 cohaerere
476 845 535 879 cum
557 820 686 894 principis
712 822 902 894 disputationis
924 808 1089 904 argumento,

23 944 25 1033 ff
49 962 52 971 ·
77 942 103 986 ui
117 936 174 985 huic
197 948 246 998 per
269 904 507 1015 illampldrimum
530 934 594 983 lucis
617 936 757 1013 afferatur,
782 951 867 998 neque
885 938 975 999 operis
992 942 1090 992 unitati

23 1042 24 1059 ¹
75 1034 103 1090 'sc
117 1036 276 1101 simplicitati
293 1036 349 1087 ullo
365 1037 443 1087 modo
460 1038 597 1086 officiatur.
632 1038 738 1086 Etenim
759 1039 827 1088 libro
844 1041 929 1102 primo
948 1057 978 1091 ac
995 1058 1091 1094 secun-

23 1142 25 1207 ,
78 1147 118 1210 do,
131 1146 276 1205 'postquam
301 1138 447 1199 disputatio
468 1141 500 1188 ab
524 1140 687 1202 exploranda
702 1141 824 1191 iustitiae
840 1145 950 1194 notione
969 1134 1091 1211 suscepta

23 1228 25 1325 i
76 1253 121 1314 est,
143 1252 198 1297 tum
215 1242 357 1305 opiniones
375 1243 501 1305 quaedam
518 1244 654 1293 hominum
676 1259 815 1305 perversae
841 1248 1009 1315 reficiuntur,
1034 1254 1090 1303 tum

23 1330 25 1387 i
76 1351 238 1414 sophistarum
258 1345 412 1406 turpissima
434 1344 718 1408 placiso'expiicantor
739 1352 768 1398 et
792 1351 865 1399 velut
891 1352 920 1400 in
943 1352 1090 1404 illustriore
1122 1350 1124 1357 ’

23 1390 25 1533 h
75 1455 124 1504 iuee
141 1454 331 1503 collocantura
347 1449 449 1497 Deinde
469 1451 591 1500 Socrates
610 1451 671 1501 iude
692 1464 708 1499 a
728 1453 813 1503 medio
832 1455 888 1504 tere
905 1455 973 1506 libro
991 1471 1088 1507 secun-
1119 1506 1132 1523 ,
1209 1516 1213 1523 ,

23 1544 25 1629 ᾗ
76 1558 103 1606 do
122 1555 195 1618 quasi
216 1552 423 1621 investigaturus
446 1564 535 1601 seram
557 1538 677 1602 iustitiae
700 1544 836 1606 notionem
863 1560 1032 1621 progreditur
1054 1561 1089 1611 ad

76 1658 257 1709 describendam
274 1659 331 1704 tum
348 1655 469 1718 optimae
482 1655 597 1705 civitatis
614 1660 671 1705 tum
688 1659 799 1720 perlecti
812 1661 925 1711 hominia
937 1663 1087 1733 imaginem,

76 1777 170 1825 eamque
187 1767 244 1812 taus
263 1757 410 1808 admirabili
423 1772 488 1823 ‚cum
510 1762 568 1807 arte
590 1765 716 1827 exornat,
744 1760 790 1828 ut,
812 1765 873 1815 dum
896 1765 1012 1817 iustitiae
1034 1769 1089 1823 sisu

76 1867 201 1928 exquirere
218 1864 336 1926 videtur,
353 1863 489 1923 praeclara
505 1863 633 1923 quaedam
653 1858 738 1913 omnia
756 1864 864 1916 virtutis
879 1869 1009 1920 humanae
1026 1886 1088 1935 spe.
1130 1894 1132 1901 ·

23 1992 24 1997 ¹
76 1971 120 2019 cias
137 1973 197 2018 aute
220 1967 311 2037 oculos
336 1965 482 2015 exoriatur·
518 1966 575 2022 Qua
596 1948 784 2029 disputationis
807 1975 898 2037 parte,
911 1973 1000 2036 ,longe
1024 1988 1088 2038 gra·

23 2116 29 2171 ,
74 2072 169 2122 sissima
186 2070 232 2120 illa
249 2074 327 2151 sique
344 2068 540 2133 copiosissima,
564 2075 704 2131 postquam
722 2062 1004 2141 demonstratum'eat,
1033 2062 1097 2128 tum'

76 2177 147 2236 qualis
163 2175 197 2225 ait
213 2187 278 2224 vera
295 2173 399 2222 virtutis
416 2176 525 2237 natura,
551 2177 606 2222 tum
625 2179 750 2235 quantam
774 2190 806 2225 ea
826 2191 874 2237 per
892 2192 922 2226 ae
938 2178 1021 2239 ipsam
1038 2178 1088 2228 ha-

77 2280 126 2329 beat
141 2278 309 2342 dignitatem,
331 2276 595 2327 detractis‘umniisus
612 2278 772 2327 utilitatibus
790 2282 1087 2348 atqueemolusncntis3

76 2381 124 2430 iaie
142 2398 157 2431 a
176 2382 238 2431 libri
260 2380 354 2431 decimi
377 2383 449 2441 parte
473 2378 638 2443 posteriore,
667 2383 697 2428 ut
720 2379 823 2429 tandem
846 2382 1019 2443 sophistarum
1037 2385 1086 2435 do·

76 2486 147 2535 ctrina
162 2485 267 2549 penitus
285 2483 446 2533 convellatur
462 2481 618 2543 virtutisque
635 2483 797 2544 praestantia
819 2479 1007 2548 magia'etiam
1024 2487 1087 2537 iilu-

76 2592 172 2654 stretur,
197 2586 395 2650 elegantissima
413 2586 533 2635 oratione
554 2585 663 2639 docetur
681 2585 802 2669 iustitiae
820 2589 977 2651 omninoque
993 2590 1088 2642 virtuti

76 2691 174 2740 certiora
193 2695 219 2740 et
239 2689 406 2738 diuturniora
422 2688 541 2750 praemia
561 2692 617 2738 tum
638 2692 670 2738 ab
687 2689 837 2739 hominihus
855 2656 911 2740 tum
928 2707 944 2740 a
964 2692 1015 2741 diis
1034 2694 1086 2743 tri.

76 2791 111 2840 isui
125 2796 207 2845 solere
224 2808 304 2856 quam
319 2791 468 2842 iniustitiae
485 2795 512 2841 et
527 2791 690 2857 turpitudini,
708 2792 752 2842 cui
769 2794 814 2842 uni
832 2794 965 2856 sophistae
983 2810 1087 2852 omnem

24 2878 26 2965 i
75 2875 131 2945 hbe
147 2896 300 2948 felicitatem
311 2892 445 2945 vindicare
460 2895 607 2944 studebant.
641 2898 733 2958 itaque
749 2900 860 2960 apparet
879 2912 920 2963 ea,
938 2914 1004 2960 quae
1021 2914 1086 2950 cou-
1110 2896 1114 2902 ⁴

24 2970 26 3075 j
73 2999 108 3047 irs
121 3001 251 3062 sophistas
269 3000 301 3049 de
315 2998 386 3051 vitae
402 2988 514 3046 honeste
523 3001 598 3046 actae
616 3000 759 3049 commodis
777 3004 806 3049 et
822 2999 981 3051 utilitatibus
992 3008 1086 3053 extra·
1187 3060 1191 3069 ,

24 3078 26 3203 D
71 3113 106 3149 no
120 3117 236 3154 sermone
253 3102 428 3165 disseruntur,
446 3113 506 3149 cum
520 3101 639 3163 principe
657 3102 746 3183 operis
764 3108 918 3168 argumento
936 3107 990 3153 tam
1008 3110 1086 3168 egra·

24 3262 26 3291 ,
72 3204 107 3264 gie
123 3207 273 3270 convenire,
300 3208 330 3253 ut
350 3192 533 3253 virtutis'sim
555 3207 581 3252 et
602 3204 791 3289 praestantiam
814 3207 909 3256 clarius
926 3207 1005 3257 etiam
1022 3206 1086 3259 iilo-

24 3314 26 3363 ῑ
75 3310 162 3375 abent,
188 3310 301 3371 ideoque
318 3309 383 3358 item
400 3306 433 3356 ad
450 3304 515 3355 iliud
531 3307 684 3356 necessaria
699 3306 784 3357 iuissa
800 3307 947 3359 videantur.

24 3386 26 3417 ,
92 3390 97 3397 ·
217 3398 221 3411 .

24 3450 26 3477 ι
248 3468 251 3483 .

24 3500 26 3533 ³
127 3514 198 3563 ilaec
219 3513 278 3562 tero
298 3507 450 3573 habuimus,
477 3521 544 3569 quae
567 3508 598 3556 de
620 3508 732 3577 l'oiitiae
752 3511 906 3562 Platonicae
926 3496 1084 3589 argumento
1144 3497 1149 3511 ¹

72 3607 240 3678 etproposito
260 3626 457 3674 exponeremus.
500 3613 568 3661 Nam
585 3606 635 3660 'vir
659 3615 891 3676 operaepretium
912 3617 953 3664 est
976 3630 1085 3666 monera

24 3682 26 3745 ἶ
72 3730 119 3766 cun
134 3718 276 3781 praecipua
291 3716 340 3765 iila
358 3719 384 3763 et
399 3713 556 3778 gravissima
572 3714 727 3774 quaestione
747 3716 915 3766 coniunctam
938 3732 998 3767 esse
1016 3720 1085 3768 mui-

24 3798 25 3801 Ἴ
72 3821 147 3873 tarum
163 3821 277 3871 aliarum
293 3833 381 3869 rerum
398 3817 617 3887 disputationem,
641 3832 707 3879 quae
725 3822 756 3866 ut
773 3819 879 3869 uberius
898 3823 1086 3886 tractarentur,

73 3918 123 3981 ipsa
140 3924 228 3986 operis
249 3922 318 3973 ratio
339 3921 482 3989 flagitabat.
516 3921 648 3977 Quorsum
671 3920 803 3983 pertinent
820 3934 887 3981 qaae
902 3924 934 3972 da
951 3925 1085 3984 perversis
1140 3952 1144 3959 ,

25 4018 26 4075 Ῐ
74 4020 178 4076 iustitiae
202 4029 229 4093 at
251 4023 401 4074 iniustitiae
421 4023 587 4088 notionibus,
615 4024 648 4072 de
672 4023 753 4072 animi
776 4023 883 4073 humani
904 4026 1085 4093 facultatibus,

25 4196 26 4209 ἵ
74 4124 100 4172 de
117 4129 193 4178 variis
209 4129 375 4190 voluptatum
395 4126 561 4190 generibus,
572 4127 603 4175 dc
619 4126 805 4188 multiplicibus
822 4127 951 4178 iustorum
968 4134 996 4180 et
1013 4129 1085 4180 iniu-

25 4272 27 4279 ,
74 4232 165 4284 storum
182 4210 318 4284 homiuum
335 4228 466 4295 moribus,
491 4229 524 4281 da
545 4229 639 4279 summi
658 4228 721 4278 boni
743 4229 846 4292 specie,
874 4228 906 4280 da
923 4224 1084 4296 seriphiloa
1186 4250 1193 4289 ς
